@ARTICLE{Heath2018,
  title    = "Adaptive Divergence in a Defense Symbiosis Driven from the Top
              Down",
  author   = "Heath, Jeremy J and Abbot, Patrick and Stireman, 3rd, John O",
  journal  = "Am. Nat.",
  volume   =  192,
  number   =  1,
  pages    = "E21--E36",
  month    =  jul,
  year     =  2018,
  keywords = "Asteromyia carbonifera; Cecidomyiidae; directional; diversifying;
              multitrophic interactions; stabilizing
              selection;complexity\_selection",
  language = "en"
}